@book{BC12,
  title={Regret Analysis of Stochastic and Nonstochastic Multi-armed Bandit Problems},  
  author={S\'ebastien Bubeck and Nicol\`o Cesa-Bianchi},
  isbn={9781601986269},
  series={Foundations and Trends in Machine Learning},
  year={2012},
  publisher={Now Publishers Incorporated}
}

