%% This BibTeX bibliography file was created using BibDesk.
%% http://bibdesk.sourceforge.net/


%% Created for Mark Reid at 2016-02-05 15:40:38 +1100 


%% Saved with string encoding Unicode (UTF-8) 



@inproceedings{Hu2014b,
	Author = {Hu, Huining and Li, Zhentao and Vetta, Adrian R},
	Booktitle = {Advances in Neural Information Processing Systems},
	Date-Added = {2016-02-05 04:38:48 +0000},
	Date-Modified = {2016-02-05 04:40:38 +0000},
	Pages = {2339--2347},
	Title = {Randomized Experimental Design for Causal Graph Discovery},
	Year = {2014},
	Bdsk-Url-1 = {http://papers.nips.cc/paper/5535-randomized-experimental-design-for-causal-graph-discovery.pdf}}

@inproceedings{Even-Dar2002,
	Author = {Even-Dar, Eyal and Mannor, Shie and Mansour, Yishay},
	Booktitle = {Computational Learning Theory},
	Date-Added = {2016-02-05 04:14:28 +0000},
	Date-Modified = {2016-02-05 04:14:37 +0000},
	Organization = {Springer},
	Pages = {255--270},
	Title = {PAC bounds for multi-armed bandit and Markov decision processes},
	Year = {2002}}

@inproceedings{Jamieson2013,
	Author = {Jamieson, Kevin and Malloy, Matthew and Nowak, Robert and Bubeck, S{\'e}bastien},
	Booktitle = {Proceedings of The 27th Conference on Learning Theory},
	Date-Added = {2016-02-03 10:16:08 +0000},
	Date-Modified = {2016-02-03 10:18:30 +0000},
	Pages = {423--439},
	Title = {lil'UCB: An Optimal Exploration Algorithm for Multi-Armed Bandits},
	Year = {2014}}

@inproceedings{Avner2012,
	Author = {Avner, Orly and Mannor, Shie and Shamir, Ohad},
	Booktitle = {Proceedings of the 29th International Conference on Machine Learning (ICML-12)},
	Date-Added = {2016-02-03 09:36:22 +0000},
	Date-Modified = {2016-02-03 09:36:56 +0000},
	Pages = {409--416},
	Title = {Decoupling Exploration and Exploitation in Multi-Armed Bandits},
	Year = {2012}}

@inproceedings{Yu2009,
	Author = {Yu, Jia Yuan and Mannor, Shie},
	Booktitle = {Proceedings of the 26th Annual International Conference on Machine Learning},
	Date-Added = {2016-02-03 09:35:26 +0000},
	Date-Modified = {2016-02-03 09:36:47 +0000},
	Organization = {ACM},
	Pages = {1177--1184},
	Title = {Piecewise-stationary bandit problems with side observations},
	Year = {2009}}

@inproceedings{Gabillon2011,
	Author = {Gabillon, Victor and Ghavamzadeh, Mohammad and Lazaric, Alessandro and Bubeck, S{\'e}bastien},
	Booktitle = {Advances in Neural Information Processing Systems},
	Date-Added = {2016-02-02 00:32:32 +0000},
	Date-Modified = {2016-02-02 00:33:01 +0000},
	Pages = {2222--2230},
	Title = {Multi-bandit best arm identification},
	Year = {2011}}

@inproceedings{Gabillon2012,
	Author = {Gabillon, Victor and Ghavamzadeh, Mohammad and Lazaric, Alessandro},
	Booktitle = {Advances in Neural Information Processing Systems},
	Date-Added = {2016-02-02 00:32:30 +0000},
	Date-Modified = {2016-02-02 00:33:01 +0000},
	Pages = {3212--3220},
	Title = {Best arm identification: A unified approach to fixed budget and fixed confidence},
	Year = {2012}}

@inproceedings{Bubeck2009,
	Author = {Bubeck, S{\'e}bastien and Munos, R{\'e}mi and Stoltz, Gilles},
	Booktitle = {Algorithmic Learning Theory},
	Date-Added = {2016-02-01 23:49:32 +0000},
	Date-Modified = {2016-02-01 23:49:42 +0000},
	Organization = {Springer},
	Pages = {23--37},
	Title = {Pure exploration in multi-armed bandits problems},
	Year = {2009}}

@article{Ortega2014thompson,
	Author = {Ortega, Pedro A and Braun, Daniel A},
	Date-Added = {2016-01-29 02:27:23 +0000},
	Date-Modified = {2016-01-29 04:13:27 +0000},
	Journal = {Complex Adaptive Systems Modeling},
	Number = {1},
	Pages = {2},
	Publisher = {Springer},
	Title = {Generalized Thompson sampling for sequential decision-making and causal inference},
	Volume = {2},
	Year = {2014}}

@inproceedings{Langford2008,
	Author = {Langford, John and Zhang, Tong},
	Booktitle = {Advances in neural information processing systems},
	Date-Added = {2016-01-29 01:46:50 +0000},
	Date-Modified = {2016-01-29 01:46:59 +0000},
	Pages = {817--824},
	Title = {The epoch-greedy algorithm for multi-armed bandits with side information},
	Year = {2008}}

@inproceedings{Agarwal2014,
	Author = {Agarwal, Alekh and Hsu, Daniel and Kale, Satyen and Langford, John and Li, Lihong and Schapire, Robert E},
	Booktitle = {Proceedings of the 31st International Conference on Machine Learning (ICML)},
	Date-Added = {2016-01-29 01:40:01 +0000},
	Date-Modified = {2016-01-29 01:41:47 +0000},
	Pages = {1638--1646},
	Title = {Taming the monster: A fast and simple algorithm for contextual bandits},
	Year = {2014}}

@article{Chernoff1959,
	Author = {Chernoff, Herman},
	Date-Added = {2016-01-29 01:37:46 +0000},
	Date-Modified = {2016-01-29 01:43:09 +0000},
	Journal = {The Annals of Mathematical Statistics},
	Pages = {755--770},
	Publisher = {JSTOR},
	Title = {Sequential design of experiments},
	Year = {1959}}

@inproceedings{Bareinboim2015,
	Author = {Bareinboim, Elias and Forney, Andrew and Pearl, Judea},
	Booktitle = {Advances in Neural Information Processing Systems},
	Date-Added = {2016-01-29 01:36:54 +0000},
	Date-Modified = {2016-01-29 01:42:59 +0000},
	Pages = {1342--1350},
	Title = {Bandits with unobserved confounders: A causal approach},
	Year = {2015}}
