Automatically generated by Mendeley Desktop 1.16.1
Any changes to this file will be lost if it is regenerated by Mendeley.

BibTeX export options can be customized via Options -> BibTeX in Mendeley Desktop

@inproceedings{Langford2008,
author = {Langford, John and Zhang, Tong},
booktitle = {Advances in neural information processing systems},
file = {:home/finn/phd/papers/papers{\_}pdf/bandit.pdf:pdf},
pages = {817--824},
title = {{The epoch-greedy algorithm for multi-armed bandits with side information}},
year = {2008}
}
@inproceedings{Bareinboim2015,
author = {Bareinboim, Elias and Forney, Andrew and Pearl, Judea},
booktitle = {Advances in Neural Information Processing Systems},
pages = {1342--1350},
title = {{Bandits with unobserved confounders: A causal approach}},
year = {2015}
}
@inproceedings{abbasi2012online,
author = {Abbasi-Yadkori, Yasin and Pal, David and Szepesvari, Csaba},
booktitle = {AISTATS},
file = {:home/finn/phd/papers/papers{\_}pdf/abbasi-yadkori12.pdf:pdf},
pages = {1--9},
title = {{Online-to-Confidence-Set Conversions and Application to Sparse Stochastic Bandits.}},
volume = {XX},
year = {2012}
}
