@article{BJQ13,
 title={Counterfactual reasoning and learning systems: The example of computational advertising},
 author={Bottou, L{\'e}on and Peters, Jonas and Quinonero-Candela, Joaquin and Charles, Denis X and Chickering, D Max and Portugaly, Elon and Ray, Dipankar and Simard, Patrice and Snelson, Ed},
 journal={The Journal of Machine Learning Research},
 volume={14},
 number={1},
 pages={3207--3260},
 year={2013},
 publisher={JMLR}
}

@article{LMS14,
  title={On minimax optimal offline policy evaluation},
  author={Li, Lihong and Munos, Remi and Szepesvari, Csaba},
  journal={arXiv preprint arXiv:1409.3653},
  year={2014}
}

@article{Robbins1952,
author = {Robbins, Herbert},
doi = {10.1090/S0002-9904-1952-09620-8},
file = {:home/finn/phd/papers/papers{\_}pdf/10.1.1.335.3232.pdf:pdf},
issn = {0002-9904},
journal = {Bulletin of the American Mathematical Society},
number = {5},
pages = {527--536},
title = {{Some aspects of the sequential design of experiments}},
volume = {58},
year = {1952}
}

@inproceedings{audibert2010best,
  title={Best arm identification in multi-armed bandits},
  author={Audibert, Jean-Yves and Bubeck, S{\'e}bastien},
  booktitle={COLT-23th Conference on Learning Theory-2010},
  pages={13--p},
  year={2010}
}

@book{Pearl2000,
address = {Cambridge},
author = {Pearl, Judea},
publisher = {MIT Press},
title = {{Causality: models, reasoning and inference}},
year = {2000}
}

@article{Alon2015,
annote = {Removes self loop assumption for graph feedback model},
archivePrefix = {arXiv},
arxivId = {arXiv:1502.07617v1},
author = {Alon, Noga and Cesa-Bianchi, Nicol{\`{o}} and Dekel, Ofer and Koren, Tomer},
eprint = {arXiv:1502.07617v1},
file = {:home/finn/phd/papers/papers{\_}pdf/1502.07617v1.pdf:pdf},
journal = {Colt},
keywords = {graph feedback},
mendeley-tags = {graph feedback},
pages = {1--26},
title = {{Online Learning with Feedback Graphs : Beyond Bandits}},
year = {2015}
}

@article{Kocak2014,
author = {Koc{\'{a}}k, Tom{\'{a}}{\v{s}} and Neu, Gergely and Valko, Michal and Munos, R{\'{e}}mi},
file = {:home/finn/phd/papers/papers{\_}pdf/5462-efficient-learning-by-implicit-exploration-in-bandit-problems-with-side-observations.pdf:pdf},
journal = {Neural Information Processing Systems},
keywords = {graph feedback},
mendeley-tags = {graph feedback},
pages = {1--9},
title = {{Efficient learning by implicit exploration in bandit problems with side observations}},
year = {2014}
}

@inproceedings{wu2015online,
author = {Wu, Yifan and Gy{\"{o}}rgy, Andr{\'{a}}s and Szepesv{\'{a}}ri, Csaba},
booktitle = {Advances in Neural Information Processing Systems},
file = {:home/finn/phd/papers/papers{\_}pdf/6033-online-learning-with-gaussian-payoffs-and-side-observations.pdf:pdf},
pages = {1360--1368},
title = {{Online Learning with Gaussian Payoffs and Side Observations}},
year = {2015}
}

@article{Bartok2014,
author = {Bart{\'{o}}k, G{\'{a}}bor and Foster, Dean P and P{\'{a}}l, D{\'{a}}vid and Rakhlin, Alexander and Szepesv{\'{a}}ri, Csaba},
file = {:home/finn/phd/papers/papers{\_}pdf/partial{\_}monitoring.pdf:pdf},
journal = {Mathematics of Operations Research},
number = {4},
pages = {967--997},
publisher = {INFORMS},
title = {{Partial monitoring-classification, regret bounds, and algorithms}},
volume = {39},
year = {2014}
}

@book{Koller2009,
author = {Koller, Daphne and Friedman, Nir},
publisher = {MIT Press},
title = {{Probabilistic graphical models: principles and techniques}},
year = {2009}
}

@inproceedings{eberhardt2005,
archivePrefix = {arXiv},
arxivId = {1207.1389},
author = {Eberhardt, Frederick and Glymour, Clark and Scheines, Richard},
booktitle = {UAI},
eprint = {1207.1389},
file = {:home/finn/phd/papers/papers{\_}pdf/1207.1389.pdf:pdf},
isbn = {0-9749039-1-4},
title = {{On the number of experiments sufficient and in the worst case necessary to identify all causal relations among n variables}},
year = {2005}
}

@article{hauser2014two,
archivePrefix = {arXiv},
arxivId = {1205.4174},
author = {Hauser, Alain and B{\"{u}}hlmann, Peter},
doi = {10.1016/j.ijar.2013.11.007},
eprint = {1205.4174},
file = {:home/finn/phd/papers/papers{\_}pdf/1205.4174v3.pdf:pdf},
journal = {International Journal of Approximate Reasoning},
keywords = {active learning,bayesian network,causal inference,graphical model,interventions},
number = {4},
pages = {926--939},
publisher = {Elsevier},
title = {{Two optimal strategies for active learning of causal models from interventional data}},
volume = {55},
year = {2014}
}

@article{Auer1995,
author = {Auer, P. and Cesa-Bianchi, N. and Freund, Y. and Schapire, R.E.},
doi = {10.1109/SFCS.1995.492488},
file = {:home/finn/phd/papers/papers{\_}pdf/refs4462.pdf:pdf},
isbn = {0-8186-7183-1},
issn = {0272-5428},
journal = {Proceedings of IEEE 36th Annual Foundations of Computer Science},
pages = {322--331},
title = {{Gambling in a rigged casino: The adversarial multi-armed bandit problem}},
year = {1995}
}

@inproceedings{eberhardt2010causal,
author = {Eberhardt, Frederick},
booktitle = {NIPS Causality: Objectives and Assessment},
pages = {87--96},
title = {{Causal Discovery as a Game.}},
year = {2010}
}

%% Marks entries
@inproceedings{Hu2014b,
	Author = {Hu, Huining and Li, Zhentao and Vetta, Adrian R},
	Booktitle = {Advances in Neural Information Processing Systems},
	Date-Added = {2016-02-05 04:38:48 +0000},
	Date-Modified = {2016-02-05 04:40:38 +0000},
	Pages = {2339--2347},
	Title = {Randomized Experimental Design for Causal Graph Discovery},
	Year = {2014},
	Bdsk-Url-1 = {http://papers.nips.cc/paper/5535-randomized-experimental-design-for-causal-graph-discovery.pdf}}

@inproceedings{Even-Dar2002,
	Author = {Even-Dar, Eyal and Mannor, Shie and Mansour, Yishay},
	Booktitle = {Computational Learning Theory},
	Date-Added = {2016-02-05 04:14:28 +0000},
	Date-Modified = {2016-02-05 10:25:52 +0000},
	Pages = {255--270},
	Title = {PAC bounds for multi-armed bandit and Markov decision processes},
	Year = {2002}}

@inproceedings{Jamieson2013,
	Author = {Jamieson, Kevin and Malloy, Matthew and Nowak, Robert and Bubeck, S{\'e}bastien},
	Booktitle = {Proceedings of The 27th Conference on Learning Theory},
	Date-Added = {2016-02-03 10:16:08 +0000},
	Date-Modified = {2016-02-05 10:29:07 +0000},
	Pages = {423--439},
	Title = {lil'{UCB}: An Optimal Exploration Algorithm for Multi-Armed Bandits},
	Year = {2014}}

@inproceedings{Avner2012,
	Author = {Avner, Orly and Mannor, Shie and Shamir, Ohad},
	Booktitle = {Proceedings of the 29th International Conference on Machine Learning (ICML-12)},
	Date-Added = {2016-02-03 09:36:22 +0000},
	Date-Modified = {2016-02-03 09:36:56 +0000},
	Pages = {409--416},
	Title = {Decoupling Exploration and Exploitation in Multi-Armed Bandits},
	Year = {2012}}

@inproceedings{Yu2009,
	Author = {Yu, Jia Yuan and Mannor, Shie},
	Booktitle = {Proceedings of the 26th Annual International Conference on Machine Learning},
	Date-Added = {2016-02-03 09:35:26 +0000},
	Date-Modified = {2016-02-03 09:36:47 +0000},
	Organization = {ACM},
	Pages = {1177--1184},
	Title = {Piecewise-stationary bandit problems with side observations},
	Year = {2009}}

@inproceedings{Gabillon2011,
	Author = {Gabillon, Victor and Ghavamzadeh, Mohammad and Lazaric, Alessandro and Bubeck, S{\'e}bastien},
	Booktitle = {Advances in Neural Information Processing Systems},
	Date-Added = {2016-02-02 00:32:32 +0000},
	Date-Modified = {2016-02-02 00:33:01 +0000},
	Pages = {2222--2230},
	Title = {Multi-bandit best arm identification},
	Year = {2011}}

@inproceedings{Gabillon2012a,
	Author = {Gabillon, Victor and Ghavamzadeh, Mohammad and Lazaric, Alessandro},
	Booktitle = {Advances in Neural Information Processing Systems},
	Date-Added = {2016-02-02 00:32:30 +0000},
	Date-Modified = {2016-02-05 10:27:44 +0000},
	Pages = {3212--3220},
	Title = {Best arm identification: A unified approach to fixed budget and fixed confidence},
	Year = {2012}}

@inproceedings{Bubeck2009a,
	Author = {Bubeck, S{\'e}bastien and Munos, R{\'e}mi and Stoltz, Gilles},
	Booktitle = {Algorithmic Learning Theory},
	Date-Added = {2016-02-01 23:49:32 +0000},
	Date-Modified = {2016-02-05 10:29:50 +0000},
	Organization = {Springer},
	Pages = {23--37},
	Title = {Pure exploration in multi-armed bandits problems},
	Year = {2009}}

@article{Ortega2014thompson,
	Author = {Ortega, Pedro A and Braun, Daniel A},
	Date-Added = {2016-01-29 02:27:23 +0000},
	Date-Modified = {2016-01-29 04:13:27 +0000},
	Journal = {Complex Adaptive Systems Modeling},
	Number = {1},
	Pages = {2},
	Publisher = {Springer},
	Title = {Generalized Thompson sampling for sequential decision-making and causal inference},
	Volume = {2},
	Year = {2014}}

@inproceedings{Langford2008,
	Author = {Langford, John and Zhang, Tong},
	Booktitle = {Advances in neural information processing systems},
	Date-Added = {2016-01-29 01:46:50 +0000},
	Date-Modified = {2016-01-29 01:46:59 +0000},
	Pages = {817--824},
	Title = {The epoch-greedy algorithm for multi-armed bandits with side information},
	Year = {2008}}

@inproceedings{Agarwal2014,
	Author = {Agarwal, Alekh and Hsu, Daniel and Kale, Satyen and Langford, John and Li, Lihong and Schapire, Robert E},
	Booktitle = {Proceedings of the 31st International Conference on Machine Learning (ICML)},
	Date-Added = {2016-01-29 01:40:01 +0000},
	Date-Modified = {2016-01-29 01:41:47 +0000},
	Pages = {1638--1646},
	Title = {Taming the monster: A fast and simple algorithm for contextual bandits},
	Year = {2014}}

@article{Chernoff1959,
	Author = {Chernoff, Herman},
	Date-Added = {2016-01-29 01:37:46 +0000},
	Date-Modified = {2016-02-05 10:25:40 +0000},
	Journal = {The Annals of Mathematical Statistics},
	Pages = {755--770},
	Title = {Sequential design of experiments},
	Year = {1959}}

@inproceedings{Bareinboim2015,
	Author = {Bareinboim, Elias and Forney, Andrew and Pearl, Judea},
	Booktitle = {Advances in Neural Information Processing Systems},
	Date-Added = {2016-01-29 01:36:54 +0000},
	Date-Modified = {2016-01-29 01:42:59 +0000},
	Pages = {1342--1350},
	Title = {Bandits with unobserved confounders: A causal approach},
	Year = {2015}}

@book{Tsy08,
  title={Introduction to nonparametric estimation},
  author={Tsybakov, Alexandre B},
  year={2008},
  publisher={Springer Science \& Business Media}
}

