@article{Peters2014,
author = {Peters, Jonas and Mooij, J and Janzing, Dominik and Sch\"{o}lkopf, B},
file = {:home/finn/.local/share/data/Mendeley Ltd./Mendeley Desktop/Downloaded/Peters et al. - 2014 - Causal discovery with continuous additive noise models.pdf:pdf},
journal = {J. Mach. Learn. Res.},
keywords = {additive noise,bayesian networks,causal inference,causal minimality,identifiability,structural equation models},
pages = {2009--2053},
title = {{Causal discovery with continuous additive noise models}},
url = {http://arxiv.org/abs/1309.6779},
volume = {15},
year = {2014}
}
