@misc{abadie2002simple,
 author = {Abadie, Alberto and Imbens, Guido},
 publisher = {National Bureau of Economic Research Cambridge, Mass., USA},
 title = {{S}imple and bias-corrected matching estimators for average treatment effects},
 year = {2002}
}

@article{Abadie2006,
 author = {Abadie, Alberto and Imbens, Guido W.},
 journal = {Econometrica},
 number = {1},
 pages = {235--267},
 title = {{L}arge {S}ample {P}roperties of {M}atching {E}stimators},
 volume = {74},
 year = {2006}
}

@inproceedings{Agarwal2014,
 author = {Agarwal, Alekh and Hsu, Daniel and Kale, Satyen and Langford, John and Li, Lihong and Schapire, Robert E},
 booktitle = {Proceedings of the 31st International Conference on Machine Learning (ICML)},
 pages = {1638--1646},
 title = {{T}aming the monster: {A} fast and simple algorithm for contextual bandits},
 year = {2014}
}

@article{Agrawal1995,
 author = {Agrawal, Rajeev},
 journal = {Advances in Applied Probability},
 number = {4},
 pages = {1054--1078},
 title = {{S}ample {M}ean {B}ased {I}ndex {P}olicies with {O} ( log n ) {R}egret for the {M}ulti-{A}rmed {B}andit {P}roblem},
 volume = {27},
 year = {1995}
}

@article{Agrawal2013,
 author = {Agrawal, Shipra and Goyal, Navin},
 journal = {ICML},
 title = {{T}hompson {S}ampling for {C}ontextual {B}andits with {L}inear {P}ayoffs},
 year = {2013}
}

@inproceedings{agrawal2013further,
 author = {Agrawal, Shipra and Goyal, Navin},
 booktitle = {Artificial Intelligence and Statistics},
 pages = {99--107},
 title = {{F}urther optimal regret bounds for thompson sampling},
 volume = {31},
 year = {2013}
}

@article{Alekseyenko2011,
 author = {Alekseyenko, Alexander V and Lytkin, Nikita I and Ai, Jizhou and Ding, Bo and Padyukov, Leonid and Aliferis, Constantin F and Statnikov, Alexander},
 journal = {Biology Direct},
 number = {1},
 pages = {25},
 publisher = {BioMed Central Ltd},
 title = {{C}ausal graph-based analysis of genome-wide association data in rheumatoid arthritis},
 volume = {6},
 year = {2011}
}

@article{Alon2013,
 archiveprefix = {arXiv},
 arxivid = {arXiv:1307.4564v1},
 author = {Alon, Noga and Cesa-Bianchi, Nicol{{\`o}}},
 eprint = {arXiv:1307.4564v1},
 journal = {arXiv preprint arXiv: {\textbackslash ldots}},
 pages = {1--22},
 title = {{F}rom {B}andits to {E}xperts: {A} Tale of {D}omination and {I}ndependence},
 year = {2013}
}

@article{Alon2015,
 archiveprefix = {arXiv},
 arxivid = {arXiv:1502.07617v1},
 author = {Alon, Noga and Cesa-Bianchi, Nicol{{\`o}} and Dekel, Ofer and Koren, Tomer},
 eprint = {arXiv:1502.07617v1},
 journal = {Colt},
 pages = {1--26},
 title = {{O}nline {L}earning with {F}eedback {G}raphs : {B}eyond {B}andits},
 year = {2015}
}

@article{Anglemyer2014,
 author = {Anglemyer, Andrew and Horvath, Hacsi T. and Bero, Lisa},
 journal = {The Cochrane database of systematic reviews},
 number = {4},
 pages = {MR000034},
 title = {{H}ealthcare outcomes assessed with observational study designs compared with those assessed in randomized trials},
 volume = {4},
 year = {2014}
}

@article{Audibert2007,
 author = {Audibert, Jean-Yves and Munos, Remi and Szepesvari, Csaba},
 journal = {Algorithmic Learning Theory},
 pages = {150--165},
 title = {{T}uning {B}andit {A}lgorithms in {S}tochastic {E}nvironments},
 year = {2007}
}

@inproceedings{Audibert2009,
 author = {Audibert, JY and Bubeck, S{{\'e}}bastien},
 booktitle = {Proceedings of the 22nd annual Conference On Learning Theory},
 pages = {773----818},
 title = {{M}inimax policies for adversarial and stochastic bandits},
 year = {2009}
}

@article{Audibert2009exploration,
 author = {Audibert, Jean Yves and Munos, R{{\'e}}mi},
 journal = {Theoretical Computer Science},
 number = {19},
 pages = {1876--1902},
 title = {{E}xploration-exploitation trade-off using variance estimates in multi-armed bandits},
 volume = {410},
 year = {2009}
}

@inproceedings{Audibert2010,
 author = {Audibert, Jean-Yves and Bubeck, S{{\'e}}bastien},
 booktitle = {COLT-23th Conference on Learning Theory-2010},
 pages = {13----p},
 title = {{B}est arm identification in multi-armed bandits},
 year = {2010}
}

@article{Auer1995,
 author = {Auer, P. and Cesa-Bianchi, N. and Freund, Y. and Schapire, R.E.},
 journal = {Proceedings of IEEE 36th Annual Foundations of Computer Science},
 pages = {322--331},
 title = {{G}ambling in a rigged casino: {T}he adversarial multi-armed bandit problem},
 year = {1995}
}

@article{Auer2002,
 author = {Auer, P and Cesa-bianchi, N and Fischer, P},
 journal = {Machine Learning},
 number = {2-3},
 pages = {235--256},
 title = {{F}inite time analysis of the multiarmed bandit problem},
 volume = {47},
 year = {2002}
}

@article{Auer2002a,
 author = {Auer, Peter and Cesa-bianchi, N and Freund, Yoav and Schapire, Robert},
 journal = {SIAM Journal on Computing},
 number = {1},
 pages = {48--77},
 title = {{T}he non-stochastic multi-armed bandit problem},
 volume = {32},
 year = {2002}
}

@inproceedings{Auer2016,
 archiveprefix = {arXiv},
 arxivid = {arXiv:1605.08722v1},
 author = {Auer, Peter and Chiang, Chao-Kai},
 booktitle = {Conference on Learning Theory (COLT)},
 eprint = {arXiv:1605.08722v1},
 pages = {116--120},
 title = {{A}n algorithm with nearly optimal pseudo-regret for both stochastic and adversarial bandits},
 year = {2016}
}

@article{Austin2011,
 archiveprefix = {arXiv},
 arxivid = {arXiv:1011.1669v3},
 author = {Austin, Peter C.},
 eprint = {arXiv:1011.1669v3},
 journal = {Multivariate Behavioral Research},
 number = {3},
 pages = {399--424},
 title = {{A}n {I}ntroduction to {P}ropensity {S}core {M}ethods for {R}educing the {E}ffects of {C}onfounding in {O}bservational {S}tudies},
 volume = {46},
 year = {2011}
}

@inproceedings{Avner2012,
 author = {Avner, Orly and Mannor, Shie and Shamir, Ohad},
 booktitle = {Proceedings of the 29th International Conference on Machine Learning (ICML-12)},
 pages = {409--416},
 title = {{D}ecoupling {E}xploration and {E}xploitation in {M}ulti-{A}rmed {B}andits},
 year = {2012}
}

@article{Bareinboim2013,
 author = {Bareinboim, Elias and Lee, S},
 journal = {Advances in Neural {\textbackslash ldots}},
 pages = {1--9},
 title = {{T}ransportability from {M}ultiple {E}nvironments with {L}imited {E}xperiments},
 year = {2013}
}

@inproceedings{Bareinboim2015,
 author = {Bareinboim, Elias and Forney, Andrew and Pearl, Judea},
 booktitle = {Advances in Neural Information Processing Systems},
 number = {November},
 pages = {1342--1350},
 title = {{B}andits with unobserved confounders: {A} causal approach},
 year = {2015}
}

@article{Bartok2014,
 author = {Bart{{\'o}}k, G{{\'a}}bor and Foster, Dean P and P{{\'a}}l, D{{\'a}}vid and Rakhlin, Alexander and Szepesv{{\'a}}ri, Csaba},
 journal = {Mathematics of Operations Research},
 number = {4},
 pages = {967--997},
 publisher = {INFORMS},
 title = {{P}artial monitoring-classification, regret bounds, and algorithms},
 volume = {39},
 year = {2014}
}

@article{Bay2002,
 author = {Bay, S.D and Shrager, J and Pohorille, a and Langley, P},
 journal = {Journal of Biomedical Informatics},
 month = {oct},
 number = {5-6},
 pages = {289--297},
 title = {{R}evising regulatory networks: from expression data to linear causal models},
 volume = {35},
 year = {2002}
}

@inproceedings{Besbes2014,
 author = {Besbes, Omar and Gur, Yonatan and Zeevi, Assaf},
 booktitle = {Advances in Neural Information Processing Systems (NIPS)},
 pages = {199--207},
 title = {{S}tochastic {M}ulti-{A}rmed-{B}andit {P}roblem with {N}on-stationary {R}ewards},
 year = {2014}
}

@article{Bhattacharya2012,
 author = {Bhattacharya, Jay and Vogt, William B.},
 journal = {International Journal of Statistics {\&} Economics},
 number = {A12},
 pages = {107--127},
 title = {{D}o {I}nstrumental {V}ariables {B}elong in {P}ropensity {S}cores?},
 volume = {9},
 year = {2012}
}

@article{bingham2004diet,
 author = {Bingham, Sheila and Riboli, Elio},
 journal = {Nature Reviews Cancer},
 number = {3},
 pages = {206--215},
 publisher = {Nature Publishing Group},
 title = {{D}iet and cancer\textemdash the {E}uropean prospective investigation into cancer and nutrition},
 volume = {4},
 year = {2004}
}

@article{Bottou2013,
 archiveprefix = {arXiv},
 arxivid = {1209.2355},
 author = {Bottou, L{{\'e}}on and Peters, Jonas and Ch, Peters and Qui{{\~n}}onero-Candela, Joaquin and Charles, Denis X and Chickering, David Maxwell and Portugaly, Elon and Ray, Dipankar and Simard, Patrice and Snelson, Ed},
 eprint = {1209.2355},
 journal = {Journal of Machine Learning Research},
 pages = {3207--3260},
 title = {{C}ounterfactual {R}easoning and {L}earning {S}ystems: {T}he {E}xample of {C}omputational {A}dvertising},
 volume = {14},
 year = {2013}
}

@article{Breiman2001,
 author = {Breiman, Leo},
 journal = {Statistical Science},
 number = {3},
 pages = {199--231},
 title = {{S}tatistical modeling: {T}he two cultures},
 volume = {16},
 year = {2001}
}

@inproceedings{Bubeck2009,
 archiveprefix = {arXiv},
 arxivid = {0802.2655},
 author = {Bubeck, S{{\'e}}bastien and Munos, R{{\'e}}mi and Stoltz, Gilles},
 booktitle = {Algorithmic Learning Theory},
 eprint = {0802.2655},
 organization = {Springer},
 pages = {23--37},
 title = {{P}ure exploration in multi-armed bandits problems},
 year = {2009}
}

@inproceedings{Bubeck2009a,
 author = {Bubeck, S{{\'e}}bastien and Munos, R{{\'e}}mi and Stoltz, Gilles},
 booktitle = {Algorithmic Learning Theory},
 organization = {Springer},
 pages = {23--37},
 title = {{P}ure exploration in multi-armed bandits problems},
 year = {2009}
}

@article{Bubeck2010,
 archiveprefix = {arXiv},
 arxivid = {arXiv:1001.4475v2},
 author = {Bubeck, S{{\'e}}bastien and Munos, R and Stoltz, Gilles and Szepesv{{\'a}}ri, C},
 eprint = {arXiv:1001.4475v2},
 journal = {Multi-Armed Bandits},
 pages = {1--38},
 title = {{X}-armed bandits},
 year = {2010}
}

@article{Bubeck2012,
 author = {Bubeck, S{{\'e}}bastien and Cesa-Bianchi, Nicolo and Others},
 journal = {Foundations and Trends{\textbackslash textregistered} in Machine Learning},
 number = {1},
 pages = {1--122},
 publisher = {Now Publishers, Inc.},
 title = {{R}egret {A}nalysis of {S}tochastic and {N}onstochastic {M}ulti-armed {B}andit {P}roblems},
 volume = {5},
 year = {2012}
}

@inproceedings{bubeck2012bothworlds,
 archiveprefix = {arXiv},
 arxivid = {arXiv:1202.4473v1},
 author = {Bubeck, S{{\'e}}bastien and Slivkins, Aleksandrs},
 booktitle = {Conference on Learning Theory (COLT)},
 eprint = {arXiv:1202.4473v1},
 title = {{T}he best of both worlds : stochastic and adversarial bandits},
 year = {2012}
}

@article{Buccapatnam2014,
 author = {Buccapatnam, Swapna and Eryilmaz, Atilla and {Shroff Ness}, B},
 journal = {ACM SIGMETRICS\textquotesingle 14, June 2014, Austin, Texas},
 title = {{S}tochastic {B}andits with {S}ide {O}bservations on {N}etworks}
}

@book{Campbell1963,
 address = {Boston},
 author = {Campbell, DT and Stanley, JC and Gage, NL},
 publisher = {Houghton Mifflin},
 title = {{E}xperimental and quasi-experimental designs for research},
 year = {1963}
}

@article{card1999causal,
 author = {Card, David},
 chapter = {30},
 editor = {Card, David and Ashenfelter, O},
 journal = {Handbook of labor economics},
 pages = {1801--1863},
 publisher = {Elsevier},
 title = {{T}he causal effect of education on earnings},
 volume = {3},
 year = {1999}
}

@book{cartwright2007hunting,
 author = {Cartwright, Nancy},
 publisher = {Cambridge University Press},
 title = {{H}unting causes and using them: {A}pproaches in philosophy and economics},
 year = {2007}
}

@book{cesa2006prediction,
 author = {Cesa-Bianchi, Nicolo and Lugosi, G{{\'a}}bor},
 publisher = {Cambridge university press},
 title = {{P}rediction, learning, and games},
 year = {2006}
}

@inproceedings{chapelle2011empirical,
 author = {Chapelle, Olivier and Li, Lihong},
 booktitle = {Advances in neural information processing systems},
 pages = {2249--2257},
 title = {{A}n empirical evaluation of thompson sampling},
 year = {2011}
}

@inproceedings{Chen2016,
 author = {Chen, Bryant},
 booktitle = {NIPS},
 number = {Nips},
 pages = {1579--1587},
 title = {{I}dentification and {O}veridentification of {L}inear {S}tructural {E}quation {M}odels},
 year = {2016}
}

@inproceedings{Claassen2013,
 author = {Claassen, Tom and Mooij, Joris and Heskes, Tom},
 booktitle = {Uncertainty in Artificial Intelligence},
 title = {{L}earning sparse causal models is not {N}P-hard},
 year = {2013}
}

@article{Cochran1973,
 author = {Cochran, William G WG and Rubin, DB Donald B},
 journal = {Sankhy{\= a}: The Indian Journal of Statistics, Series A},
 number = {4},
 pages = {417--446},
 publisher = {JSTOR},
 title = {{C}ontrolling bias in observational studies: {A} review},
 volume = {35},
 year = {1973}
}

@book{Cohen1934,
 address = {New York},
 author = {Cohen, M and Nagel, E},
 publisher = {Harcourt, Brace and Co.},
 title = {{A}n {I}ntroduction to {L}ogic and {S}cientific {M}ethod},
 year = {1934}
}

@article{Colombo2012,
 archiveprefix = {arXiv},
 arxivid = {arXiv:1104.5617v3},
 author = {Colombo, Diego and Maathuis, Marloes H. and Kalisch, Markus and Richardson, Thomas S.},
 eprint = {arXiv:1104.5617v3},
 journal = {The Annals of Statistics},
 month = {feb},
 number = {1},
 pages = {294--321},
 title = {{L}earning high-dimensional directed acyclic graphs with latent and selection variables},
 volume = {40},
 year = {2012}
}

@inproceedings{Daniusis2010,
 author = {Daniusis, Povilas and Janzing, Dominik and Mooij, Joris and Zscheischler, Jakob and Steudel, Bastian and Zhang, Kun and Sch{{\"o}}lkopf, Bernhard},
 booktitle = {Uncertainty in Artificial Intelligence},
 title = {{I}nferring deterministic causal relations},
 year = {2010}
}

@article{Dawid2000,
 author = {Dawid, AP},
 journal = {Journal of the American Statistical Association},
 title = {{C}ausal inference without counterfactuals},
 year = {2000}
}

@article{dehejia1999causal,
 author = {Dehejia, Rajeev H and Wahba, Sadek},
 journal = {Journal of the American statistical Association},
 number = {448},
 pages = {1053--1062},
 publisher = {Taylor {\&} Francis Group},
 title = {{C}ausal effects in nonexperimental studies: {R}eevaluating the evaluation of training programs},
 volume = {94},
 year = {1999}
}

@inproceedings{Dorie2016,
 author = {Dorie, Vincent and Hill, Jennifer and Shalit, Uri and Cervone, Dan and Scott, Marc},
 publisher = {Atlantic Causal Inference Conference},
 title = {{I}s {Y}our {S}AT{T} Where {I}t \textquotesingle s {A}t ? {A} Causal {I}nference {D}ata {A}nalysis {C}hallenge.},
 year = {2016}
}

@article{drton2011global,
 author = {Drton, Mathias and Foygel, Rina and Sullivant, Seth},
 journal = {The Annals of Statistics},
 pages = {865--886},
 publisher = {JSTOR},
 title = {{G}lobal identifiability of linear structural equation models},
 year = {2011}
}

@article{Dudik2011,
 archiveprefix = {arXiv},
 arxivid = {1103.4601},
 author = {Dud\textdollar \textbackslash backslash\textdollar \textquotesingle \textdollar \textbackslash backslash\textdollar ik, Miroslav and Langford, John and Li, Lihong and Dudik, Miroslav and Langford, John and Li, Lihong},
 eprint = {1103.4601},
 journal = {arXiv preprint arXiv:1103.4601},
 title = {{D}oubly robust policy evaluation and learning},
 year = {2011}
}

@inproceedings{Dudik2011a,
 archiveprefix = {arXiv},
 arxivid = {arXiv:1106.2369v1},
 author = {Dudik, Miroslav and Hsu, Daniel and Kale, Satyen and Karampatziakis, Nikos and Langford, John and Reyzin, Lev},
 booktitle = {UAI},
 eprint = {arXiv:1106.2369v1},
 title = {{E}fficient {O}ptimal {L}earning for {C}ontextual {B}andits},
 year = {2011}
}

@inproceedings{eberhardt2005,
 archiveprefix = {arXiv},
 arxivid = {1207.1389},
 author = {Eberhardt, Frederick and Glymour, Clark and Scheines, Richard},
 booktitle = {UAI},
 eprint = {1207.1389},
 title = {{O}n the number of experiments sufficient and in the worst case necessary to identify all causal relations among n variables},
 year = {2005}
}

@inproceedings{eberhardt2010causal,
 author = {Eberhardt, Frederick},
 booktitle = {NIPS Causality: Objectives and Assessment},
 pages = {87--96},
 title = {{C}ausal {D}iscovery as a {G}ame.},
 year = {2010}
}

@inproceedings{Even-Dar2002,
 author = {Even-Dar, Eyal and Mannor, Shie and Mansour, Yishay},
 booktitle = {Computational Learning Theory},
 pages = {255--270},
 title = {P{A}C bounds for multi-armed bandit and {M}arkov decision processes},
 year = {2002}
}

@inproceedings{filippi2010parametric,
 author = {Filippi, Sarah and Cappe, Olivier and Garivier, Aur{{\'e}}lien and Szepesv{{\'a}}ri, Csaba},
 booktitle = {Advances in Neural Information Processing Systems},
 pages = {586--594},
 title = {{P}arametric bandits: {T}he generalized linear case},
 year = {2010}
}

@article{Fraker1987,
 author = {Fraker, Thomas and Maynard, Rebecca},
 journal = {Journal of Human Resources},
 number = {2},
 pages = {194--227},
 title = {{T}he adequacy of comparison group designs for evaluations of employment-related programs},
 volume = {22},
 year = {1987}
}

@article{friedmann1995pet,
 author = {Friedmann, Erika and Thomas, Sue A},
 journal = {The American journal of cardiology},
 number = {17},
 pages = {1213--1217},
 publisher = {Elsevier},
 title = {{P}et ownership, social support, and one-year survival after acute myocardial infarction in the {C}ardiac {A}rrhythmia {S}uppression {T}rial ({C}AS{T})},
 volume = {76},
 year = {1995}
}

@unpublished{Frolich2001,
 author = {Frolich, Markus},
 institution = {Department of Economics-University of St. Gallen},
 title = {{N}onparametric {C}ovariate {A}djustment: {P}air-matching versus {L}ocal {P}olynomial {M}atching},
 year = {2001}
}

@inproceedings{Gabillon2012,
 author = {Gabillon, Victor and Ghavamzadeh, Mohammad and Lazaric, Alessandro},
 booktitle = {Advances in Neural Information Processing Systems},
 pages = {3212--3220},
 title = {{B}est arm identification: {A} unified approach to fixed budget and fixed confidence},
 year = {2012}
}

@article{Gao2015,
 author = {Gao, Bin and Cui, Yuehua},
 journal = {Bioinformatics},
 number = {September},
 pages = {btv513},
 title = {{L}earning directed acyclic graphical structures with genetical genomics data},
 year = {2015}
}

@article{garivier2008upper,
 archiveprefix = {arXiv},
 arxivid = {arXiv:0805.3415v1},
 author = {Garivier, Aur{{\'e}}lien Aurlien and Moulines, Eric},
 eprint = {arXiv:0805.3415v1},
 journal = {arXiv preprint arXiv:0805.3415},
 number = {22},
 pages = {174--188},
 title = {{O}n {U}pper-{C}onfidence {B}ound {P}olicies for {N}on-{S}tationary {B}andit {P}roblems},
 year = {2008}
}

@article{Garivier2011a,
 author = {Garivier, Aur{{\'e}}lien and Moulines, Eric},
 journal = {International Conference on Algorithmic Learning Theory (ALT)},
 pages = {174--188},
 title = {{O}n {U}pper-{C}onfidence {B}ound {P}olicies for {S}witching {B}andit {P}roblems},
 year = {2011}
}

@misc{Geiger1990,
 author = {Geiger, Dan and Verma, Thomas and Pearl, Judea},
 booktitle = {Networks},
 number = {5},
 pages = {507--534},
 title = {{I}dentifying independence in bayesian networks},
 volume = {20},
 year = {1990}
}

@unpublished{Gelman2010,
 author = {Gelman, Andrew},
 title = {{C}ausality and {S}tatistical {L}earning},
 year = {2010}
}

@inproceedings{Gretton2008,
 author = {Gretton, Arthur and Fukumizu, Kenji and Teo, Choon H and Song, Le and Sch{{\"o}}lkopf, Bernhard and Smola, Alex J},
 booktitle = {Advances in Neural Information Processing Systems},
 pages = {585--592},
 title = {{A} kernel statistical test of independence},
 year = {2007}
}

@article{Haavelmo1943,
 author = {Haavelmo, T},
 journal = {Econometrica, Journal of the Econometric Society},
 number = {1},
 pages = {1--12},
 title = {{T}he statistical implications of a system of simultaneous equations},
 volume = {11},
 year = {1943}
}

@article{Hagerup1990,
 author = {Hagerup, Torben and R{{\"u}}b, Christine},
 journal = {Information Processing Letters},
 number = {6},
 pages = {305--308},
 title = {{A} guided tour of chernoff bounds},
 volume = {33},
 year = {1990}
}

@article{hauser2014two,
 archiveprefix = {arXiv},
 arxivid = {1205.4174},
 author = {Hauser, Alain and B{{\"u}}hlmann, Peter},
 eprint = {1205.4174},
 journal = {International Journal of Approximate Reasoning},
 month = {may},
 number = {4},
 pages = {926--939},
 publisher = {Elsevier},
 title = {{T}wo optimal strategies for active learning of causal models from interventional data},
 volume = {55},
 year = {2014}
}

@article{heckman1997matching,
 author = {Heckman, James J and Ichimura, Hidehiko and Todd, Petra E},
 journal = {The review of economic studies},
 number = {4},
 pages = {605--654},
 publisher = {Oxford University Press},
 title = {{M}atching as an econometric evaluation estimator: {E}vidence from evaluating a job training programme},
 volume = {64},
 year = {1997}
}

@techreport{heckman1998characterizing,
 author = {Heckman, James J and Ichimura, Hidehiko and Smith, Jeffrey and Todd, Petra},
 institution = {National bureau of economic research},
 number = {5},
 pages = {1017--1098},
 title = {{C}haracterizing selection bias using experimental data},
 volume = {66},
 year = {1998}
}

@article{Heckman2008,
 address = {Cambridge, MA},
 author = {Heckman, James JJ},
 institution = {National Bureau of Economic Research},
 journal = {International Statistical Review},
 title = {{E}conometric causality},
 year = {2008}
}

@article{heckman2015causal,
 author = {Heckman, James and Pinto, Rodrigo and Heckman, James},
 journal = {Econometric Theory},
 number = {01},
 pages = {115--151},
 publisher = {Cambridge Univ Press},
 title = {{C}ausal analysis after {H}aavelmo},
 volume = {31},
 year = {2015}
}

@article{Hill2011,
 author = {Hill, Jennifer L},
 journal = {Journal of Computational and Graphical Statistics},
 number = {1},
 pages = {217--240},
 title = {{B}ayesian {N}onparametric {M}odeling for {C}ausal {I}nference},
 volume = {20},
 year = {2011}
}

@article{horvitz1952generalization,
 author = {Horvitz, Daniel G and Thompson, Donovan J},
 journal = {Journal of the American statistical Association},
 number = {260},
 pages = {663--685},
 publisher = {Taylor {\&} Francis Group},
 title = {{A} generalization of sampling without replacement from a finite universe},
 volume = {47},
 year = {1952}
}

@inproceedings{Hoyer2009,
 author = {Hoyer, Patrick and Janzing, Dominik and Mooij, Joris},
 booktitle = {Advances in neural information processing systems},
 title = {{N}onlinear causal discovery with additive noise models},
 year = {2009}
}

@article{Hoyer2012,
 author = {Hoyer, Patrick and Hyvarinen, A and Scheines, Richard},
 journal = {arXiv},
 title = {{C}ausal discovery of linear acyclic models with arbitrary distributions},
 year = {2012}
}

@incollection{Hu2014,
 author = {Hu, Huining and Li, Zhentao and Vetta, Adrian R},
 booktitle = {Advances in Neural Information Processing Systems 27},
 editor = {Ghahramani, Z and Welling, M and Cortes, C and Lawrence, N D and Weinberger, K Q},
 pages = {2339--2347},
 publisher = {Curran Associates, Inc.},
 title = {{R}andomized {E}xperimental {D}esign for {C}ausal {G}raph {D}iscovery},
 year = {2014}
}

@inproceedings{Huang2006,
 archiveprefix = {arXiv},
 arxivid = {1206.6831},
 author = {Huang, Yimin and Valtorta, Marco},
 booktitle = {Proceedings of the Twenty-Second Conference on Uncertainty in Artificial Intelligence},
 editor = {Richardson, Thomas S. and Dechter, R},
 eprint = {1206.6831},
 publisher = {AUAI Press},
 title = {{P}earl\textquotesingle s {C}alculus of {I}ntervention {I}s {C}omplete},
 year = {2006}
}

@article{Imai2010a,
 author = {Imai, Kosuke and Keele, Luke and Yamamoto, Teppei},
 journal = {Statistical Science},
 month = {feb},
 number = {1},
 pages = {51--71},
 title = {{I}dentification, {I}nference and {S}ensitivity {A}nalysis for {C}ausal {M}ediation {E}ffects},
 volume = {25},
 year = {2010}
}

@article{Imbens2004,
 author = {Imbens, Guido W},
 journal = {Review of Economics and statistics},
 number = {February},
 pages = {4--29},
 title = {N{O}NP{A}RA{M}ET{R}IC {E}ST{I}MA{T}IO{N} O{F} A{V}ER{A}GE {T}RE{A}TM{E}NT {E}FF{E}CT{S} U{N}DE{R} E{X}OG{E}NE{I}TY : {A} R{E}VI{E}W \ast },
 volume = {86},
 year = {2004}
}

@book{imbens2015causal,
 author = {Imbens, Guido W and Rubin, Donald B},
 publisher = {Cambridge University Press},
 title = {{C}ausal inference in statistics, social, and biomedical sciences},
 year = {2015}
}

@article{jain2002good,
 author = {Jain, Anjali and Concato, John and Leventhal, John M},
 journal = {Pediatrics},
 number = {6},
 pages = {1044--1053},
 publisher = {Am Acad Pediatrics},
 title = {{H}ow good is the evidence linking breastfeeding and intelligence?},
 volume = {109},
 year = {2002}
}

@inproceedings{Jamieson2013,
 author = {Jamieson, Kevin and Malloy, Matthew and Nowak, Robert and Bubeck, S{{\'e}}bastien},
 booktitle = {Proceedings of The 27th Conference on Learning Theory},
 pages = {423--439},
 title = {lil\textquotesingle {\textbackslash {}{U}CB{\textbackslash }}: {A}n {O}ptimal {E}xploration {A}lgorithm for {M}ulti-{A}rmed {B}andits},
 year = {2014}
}

@inproceedings{Janzing2012,
 author = {Janzing, Dominik and Peters, Jonas},
 booktitle = {International Conference on Machine Learning},
 title = {{O}n causal and anticausal learning},
 year = {2012}
}

@article{Janzing2012a,
 author = {Janzing, Dominik and Mooij, Joris and Zhang, Kun and Lemeire, Jan and Zscheischler, Jakob and Daniusis, Povilas and Steudel, Bastian and Sch{{\"o}}lkopf, Bernhard},
 journal = {Artificial Intelligence},
 month = {may},
 pages = {1--31},
 title = {{I}nformation-geometric approach to inferring causal directions},
 volume = {182-183},
 year = {2012}
}

@article{Janzing2013,
 archiveprefix = {arXiv},
 arxivid = {arXiv:1203.6502v2},
 author = {Janzing, Dominik and Balduzzi, David and Grosse-Wentrup, Moritz and Scholkopf, Bernard},
 eprint = {arXiv:1203.6502v2},
 journal = {The Annals of Statistics},
 number = {5},
 pages = {2324--2358},
 title = {{Q}uantifying causal influences},
 volume = {41},
 year = {2013}
}

@inproceedings{Johansson2016_counterfactual_rep,
 address = {New York},
 archiveprefix = {arXiv},
 arxivid = {1605.03661},
 author = {Johansson, Fredrik D and Shalit, Uri and Sontag, David},
 booktitle = {ICML},
 eprint = {1605.03661},
 title = {{L}earning {R}epresentations for {C}ounterfactual {I}nference},
 volume = {48},
 year = {2016}
}

@article{kaelbling1994associative,
 author = {Kaelbling, Leslie Pack},
 journal = {Machine Learning},
 number = {3},
 pages = {279--298},
 publisher = {Springer},
 title = {{A}ssociative reinforcement learning: {F}unctions ink-dnf},
 volume = {15},
 year = {1994}
}

@article{Kalisch2012,
 author = {Kalisch, Markus and M{{\"a}}chler, Martin and Colombo, Diego and Maathuis, Marloes H. and B{{\"u}}hlmann, Peter},
 journal = {Journal of Statistical Software},
 number = {Ii},
 title = {{C}ausal inference using graphical models with the {R} package pcalg},
 volume = {VV},
 year = {2012}
}

@inproceedings{Karnin2013,
 author = {Karnin, Zohar and Koren, Tomer and Somekh, Oren},
 booktitle = {Proceedings of the 30th International Conference on Machine Learning (ICML-13)},
 pages = {1238--1246},
 title = {{A}lmost optimal exploration in multi-armed bandits},
 year = {2013}
}

@inproceedings{kaufmann2012thompson,
 archiveprefix = {arXiv},
 arxivid = {arXiv:1205.4217v2},
 author = {Kaufmann, Emilie and Korda, Nathaniel and Munos, R{{\'e}}mi},
 eprint = {arXiv:1205.4217v2},
 number = {1},
 organization = {Springer},
 pages = {1--16},
 title = {{T}hompson {S}ampling: {A}n {A}symptotically {O}ptimal {F}inite-{T}ime {A}nalysis.},
 year = {2012}
}

@article{Kocak2014,
 author = {Koc{{\'a}}k, Tom{{\'a}}{{\v s}} and Neu, Gergely and Valko, Michal and Munos, R{{\'e}}mi},
 journal = {Neural Information Processing Systems},
 pages = {1--9},
 title = {{E}fficient learning by implicit exploration in bandit problems with side observations},
 year = {2014}
}

@book{Koller2009,
 author = {Koller, Daphne and Friedman, Nir},
 publisher = {MIT Press},
 title = {{P}robabilistic graphical models: principles and techniques},
 year = {2009}
}

@article{Lai1985,
 author = {Lai, T. L. and Robbins, Herbert},
 journal = {Advances in Applied Mathematics},
 number = {1},
 pages = {4--22},
 title = {{A}symptotically efficient adaptive allocation rules},
 volume = {6},
 year = {1985}
}

@article{lalonde1986evaluating,
 author = {LaLonde, Robert J},
 journal = {The American economic review},
 pages = {604--620},
 publisher = {JSTOR},
 title = {{E}valuating the econometric evaluations of training programs with experimental data},
 year = {1986}
}

@inproceedings{Langford2008,
 author = {Langford, John and Zhang, Tong},
 booktitle = {Advances in neural information processing systems},
 pages = {817--824},
 title = {{T}he epoch-greedy algorithm for multi-armed bandits with side information},
 year = {2008}
}

@article{Langford2008a,
 author = {Langford, John and Strehl, Alexander and Wortman, Jennifer},
 journal = {Proceedings of the 25th international conference on Machine learning - ICML \textquotesingle 08},
 pages = {528--535},
 title = {{E}xploration scavenging},
 year = {2008}
}

@article{Lattimore2015,
 archiveprefix = {arXiv},
 arxivid = {1507.07880},
 author = {Lattimore, Tor},
 eprint = {1507.07880},
 number = {1},
 pages = {1--16},
 title = {{O}ptimally {C}onfident {U}CB : {I}mproved {R}egret for {F}inite-{A}rmed {B}andits},
 year = {2015}
}

@article{Lelarge2012,
 author = {Lelarge, Marc and Ens, Inria},
 journal = {Uai},
 title = {{L}everaging {S}ide {O}bservations in {S}tochastic {B}andits},
 year = {2012}
}

@article{Li2010,
 archiveprefix = {arXiv},
 arxivid = {1003.5956},
 author = {Li, Lihong and Chu, Wei and Langford, John and Wang, Xuanhui},
 eprint = {1003.5956},
 title = {{U}nbiased {O}ffline {E}valuation of {C}ontextual-bandit-based {N}ews {A}rticle {R}ecommendation {A}lgorithms},
 year = {2010}
}

@inproceedings{li2010contextual,
 author = {Li, Lihong and Chu, Wei and Langford, John and Schapire, Robert E},
 booktitle = {Proceedings of the 19th international conference on World wide web},
 organization = {ACM},
 pages = {661--670},
 title = {{A} contextual-bandit approach to personalized news article recommendation},
 volume = {3},
 year = {2010}
}

@article{li2014minimax,
 archiveprefix = {arXiv},
 arxivid = {1409.3653},
 author = {Li, Lihong and Munos, Remi and Szepesvari, Csaba and Szepesv{{\'a}}ri, Csaba and Szepesvari, Csaba},
 eprint = {1409.3653},
 journal = {arXiv preprint arXiv:1409.3653},
 pages = {1--15},
 title = {{O}n minimax optimal offline policy evaluation},
 year = {2014}
}

@article{LopezPaz2014,
 archiveprefix = {arXiv},
 arxivid = {1409.4366},
 author = {Lopez-Paz, David and Muandet, Krikamol and Recht, Benjamin},
 eprint = {1409.4366},
 journal = {arXiv preprint arXiv:1409.4366},
 month = {sep},
 title = {{T}he {R}andomized {C}ausation {C}oefficient},
 year = {2014}
}

@article{Lunceford2004,
 author = {Lunceford, Jared K and Lunceford, Jared K and Davidian, Marie and Davidian, Marie},
 journal = {Statistics in Medicine},
 number = {19},
 pages = {2937--2960},
 title = {{S}tratification and weighting via the propensity score in estimation of causal treatment e ects: a comparative study},
 volume = {2960},
 year = {2004}
}

@article{Maathuis2009,
 archiveprefix = {arXiv},
 arxivid = {arXiv:0810.4214v3},
 author = {Maathuis, Marloes H. and Kalisch, Markus and B{{\"u}}hlmann, Peter},
 eprint = {arXiv:0810.4214v3},
 journal = {The Annals of Statistics},
 month = {dec},
 number = {6A},
 pages = {3133--3164},
 title = {{E}stimating high-dimensional intervention effects from observational data},
 volume = {37},
 year = {2009}
}

@article{Maathuis2010,
 author = {Maathuis, Marloes H. and Colombo, Diego and Kalisch, Markus and B{{\"u}}hlmann, Peter},
 journal = {Nature Methods},
 number = {4},
 pages = {247--248},
 title = {{P}redicting causal effects in large-scale systems from observational data},
 volume = {7},
 year = {2010}
}

@article{Mannor2011,
 archiveprefix = {arXiv},
 arxivid = {1106.2436},
 author = {Mannor, Shie and Shamir, Ohad},
 eprint = {1106.2436},
 pages = {1--9},
 title = {{F}rom {B}andits to {E}xperts: {O}n the {V}alue of {S}ide-{O}bservations},
 year = {2011}
}

@article{Myers2011,
 author = {Myers, Jessica a and Rassen, Jeremy a and Gagne, Joshua J and Huybrechts, Krista F and Schneeweiss, Sebastian and Rothman, Kenneth J and Joffe, Marshall M and Glynn, Robert J},
 journal = {American journal of epidemiology},
 month = {dec},
 number = {11},
 pages = {1213--22},
 title = {{E}ffects of adjusting for instrumental variables on bias and precision of effect estimates.},
 volume = {174},
 year = {2011}
}

@inproceedings{NIPS2016_6179,
 archiveprefix = {arXiv},
 arxivid = {arXiv:1605.08988v2},
 author = {Garivier, Aurelien and Lattimore, Tor and Kaufmann, Emilie},
 booktitle = {Advances in Neural Information Processing Systems 29},
 editor = {Lee, D D and Sugiyama, M and Luxburg, U V and Guyon, I and Garnett, R},
 eprint = {arXiv:1605.08988v2},
 pages = {784--792},
 publisher = {Curran Associates, Inc.},
 title = {{O}n {E}xplore-{T}hen-{C}ommit strategies},
 year = {2016}
}

@inproceedings{NIPS2016_6195,
 archiveprefix = {arXiv},
 arxivid = {1606.03203},
 author = {Lattimore, Finnian and Lattimore, Tor and Reid, Mark D.},
 booktitle = {Advances in Neural Information Processing Systems 29},
 editor = {Lee, D D and Sugiyama, M and Luxburg, U V and Guyon, I and Garnett, R},
 eprint = {1606.03203},
 number = {Nips},
 pages = {1181--1189},
 publisher = {Curran Associates, Inc.},
 title = {{C}ausal {B}andits: {L}earning {G}ood {I}nterventions via {C}ausal {I}nference},
 year = {2016}
}

@article{Ortega2014thompson,
 author = {Ortega, Pedro A and Braun, Daniel A},
 journal = {Complex Adaptive Systems Modeling},
 number = {1},
 pages = {2},
 publisher = {Springer},
 title = {{G}eneralized {T}hompson sampling for sequential decision-making and causal inference},
 volume = {2},
 year = {2014}
}

@article{Pandey2007,
 author = {Pandey, Sandeep and Chakrabarti, Deepayan and Agarwal, Deepak},
 journal = {Proceedings of the 24th international conference on Machine learning - ICML \textquotesingle 07},
 pages = {721--728},
 title = {{M}ulti-armed bandit problems with dependent arms},
 year = {2007}
}

@article{pearl1988probabilistic,
 author = {Pearl, J},
 publisher = {Morgan Kaufman},
 title = {{P}robabilistic {R}easoning in {I}ntelligent {S}ystems},
 year = {1988}
}

@article{Pearl1995,
 author = {Pearl, Judea},
 journal = {Biometrika},
 month = {dec},
 number = {4},
 pages = {669},
 title = {{C}ausal {D}iagrams for {E}mpirical {R}esearch},
 volume = {82},
 year = {1995}
}

@book{Pearl2000,
 address = {Cambridge},
 author = {Pearl, Judea},
 publisher = {MIT Press},
 title = {{C}ausality: models, reasoning and inference},
 year = {2000}
}

@article{pearl2009myth,
 author = {Pearl, Judea},
 journal = {Department of Statistics, UCLA},
 number = {January 2000},
 pages = {1--6},
 title = {{M}yth, confusion, and science in causal analysis},
 year = {2009}
}

@article{Pearl2012b,
 author = {Pearl, J},
 journal = {arXiv preprint arXiv:1203.3503},
 number = {July},
 pages = {417--424},
 title = {{O}n a class of bias-amplifying variables that endanger effect estimates},
 year = {2012}
}

@article{Pearl2014,
 author = {Pearl, Judea},
 journal = {Psychological methods},
 month = {jun},
 title = {{I}nterpretation and {I}dentification of {C}ausal {M}ediation.},
 year = {2014}
}

@article{Peters2014,
 archiveprefix = {arXiv},
 arxivid = {arXiv:1309.6779v1},
 author = {Peters, Jonas and Mooij, Joris and Janzing, Dominik and Sch{{\"o}}lkopf, Bernhard},
 eprint = {arXiv:1309.6779v1},
 journal = {Journal of Machine Learning Research},
 pages = {2009--2053},
 title = {{C}ausal discovery with continuous additive noise models},
 volume = {15},
 year = {2014}
}

@inproceedings{Piccolboni2001,
 author = {Piccolboni, Antonio and Schindelhauer, Christian},
 booktitle = {COLT/EuroCOLT},
 organization = {Springer},
 pages = {208--223},
 title = {{D}iscrete prediction games with arbitrary feedback and loss},
 year = {2001}
}

@article{Poole2013,
 author = {Poole, David and Crowley, Mark},
 journal = {IJCAI International Joint Conference on Artificial Intelligence},
 pages = {1060--1068},
 title = {{C}yclic causal models with discrete variables: {M}arkov chain equilibrium semantics and sample ordering},
 year = {2013}
}

@book{pukelsheim2006optimal,
 author = {Pukelsheim, Friedrich},
 publisher = {SIAM},
 title = {{O}ptimal design of experiments},
 year = {2006}
}

@article{Ram2006,
 author = {Ram, Ramesh and Chetty, Madhu and Dix, Trevor I.},
 journal = {2006 IEEE Symposium on Computational Intelligence and Bioinformatics and Computational Biology},
 month = {sep},
 pages = {1--8},
 publisher = {Ieee},
 title = {{C}ausal {M}odeling of {G}ene {R}egulatory {N}etwork},
 year = {2006}
}

@article{Ramsey2010,
 author = {Ramsey, J.D. and Hanson, S.J. and Hanson, C. and Halchenko, Y.O. and Poldrack, R.A. and Glymour, C.},
 journal = {NeuroImage},
 number = {2},
 pages = {1545--1558},
 publisher = {Elsevier Inc.},
 title = {{S}ix problems for causal inference from f{M}RI},
 volume = {49},
 year = {2010}
}

@article{Richardson2002,
 author = {Richardson, T and Spirtes, Peter},
 journal = {Annals of Statistics},
 number = {4},
 pages = {962--1030},
 title = {{A}ncestral graph {M}arkov models},
 volume = {30},
 year = {2002}
}

@article{Richardson2012,
 author = {Shpitser, Ilya and Richardson, TS},
 journal = {arXiv preprint arXiv: {\textbackslash ldots}},
 title = {{P}arameter and structure learning in nested {M}arkov models},
 year = {2012}
}

@article{Richardson2013,
 author = {Richardson, Thomas S and Robins, James M},
 institution = {Center for the Statistics and the Social Sciences},
 journal = {Center for the Statistics and the Social Sciences, University of Washington Series. Working Paper},
 number = {128},
 series = {University of Washington},
 title = {{S}ingle {W}orld {I}ntervention {G}raphs ({S}WI{G}s): {A} unification of the counterfactual and graphical approaches to causality},
 volume = {128},
 year = {2013}
}

@article{rickles2009causality,
 author = {Rickles, Dean},
 journal = {Medicine, Health Care and Philosophy},
 number = {1},
 pages = {77--90},
 publisher = {Springer},
 title = {{C}ausality in complex interventions},
 volume = {12},
 year = {2009}
}

@article{Robbins1952,
 author = {Robbins, Herbert},
 journal = {Bulletin of the American Mathematical Society},
 number = {5},
 pages = {527--536},
 title = {{S}ome aspects of the sequential design of experiments},
 volume = {58},
 year = {1952}
}

@article{robins1995semiparametric,
 author = {Robins, James M and Rotnitzky, Andrea},
 journal = {Journal of the American Statistical Association},
 number = {429},
 pages = {122--129},
 publisher = {Taylor {\&} Francis Group},
 title = {{S}emiparametric efficiency in multivariate regression models with missing data},
 volume = {90},
 year = {1995}
}

@article{Rosenbaum1983,
 author = {Rosenbaum, PR and Rubin, DB},
 journal = {Biometrika},
 number = {1},
 pages = {41--55},
 title = {{T}he central role of the propensity score in observational studies for causal effects},
 volume = {70},
 year = {1983}
}

@article{rosenbaum1985constructing,
 author = {Rosenbaum, Paul R and Rubin, Donald B},
 journal = {The American Statistician},
 number = {1},
 pages = {33--38},
 publisher = {Taylor {\&} Francis Group},
 title = {{C}onstructing a control group using multivariate matched sampling methods that incorporate the propensity score},
 volume = {39},
 year = {1985}
}

@article{Rubin1974,
 author = {Rubin, DB},
 journal = {Journal of educational Psychology},
 title = {{E}stimating causal effects of treatments in randomized and nonrandomized studies.},
 year = {1974}
}

@article{Rubin1978,
 author = {Rubin, DB},
 journal = {The Annals of Statistics},
 title = {{B}ayesian inference for causal effects: {T}he role of randomization},
 year = {1978}
}

@article{Rubin2005,
 author = {Rubin, DB},
 journal = {Journal of the American Statistical Association},
 month = {mar},
 number = {469},
 pages = {322--331},
 title = {{C}ausal {I}nference {U}sing {P}otential {O}utcomes},
 volume = {100},
 year = {2005}
}

@article{Rubin2008,
 archiveprefix = {arXiv},
 arxivid = {arXiv:0811.1640v1},
 author = {Rubin, DB},
 eprint = {arXiv:0811.1640v1},
 journal = {The Annals of Applied Statistics},
 month = {sep},
 number = {3},
 pages = {808--840},
 title = {{F}or objective causal inference, design trumps analysis},
 volume = {2},
 year = {2008}
}

@article{Sachs2005,
 author = {Sachs, K.},
 journal = {Science},
 number = {5721},
 pages = {523--529},
 title = {{C}ausal {P}rotein-{S}ignaling {N}etworks {D}erived from {M}ultiparameter {S}ingle-{C}ell {D}ata},
 volume = {308},
 year = {2005}
}

@article{scharfstein1999adjusting,
 author = {Scharfstein, Daniel O and Rotnitzky, Andrea and Robins, James M},
 journal = {Journal of the American Statistical Association},
 number = {448},
 pages = {1096--1120},
 publisher = {Taylor {\&} Francis},
 title = {{A}djusting for nonignorable drop-out using semiparametric nonresponse models},
 volume = {94},
 year = {1999}
}

@article{schisterman2009overadjustment,
 author = {Schisterman, Enrique F and Cole, Stephen R and Platt, Robert W},
 journal = {Epidemiology (Cambridge, Mass.)},
 number = {4},
 pages = {488},
 publisher = {NIH Public Access},
 title = {{O}veradjustment bias and unnecessary adjustment in epidemiologic studies},
 volume = {20},
 year = {2009}
}

@techreport{settles2010active,
 archiveprefix = {arXiv},
 arxivid = {1206.5533},
 author = {Settles, Burr},
 booktitle = {Computer Sciences Technical Report},
 eprint = {1206.5533},
 institution = {University of Wisconsin-Madison},
 number = {1648},
 title = {{A}ctive {L}earning {L}iterature {S}urvey},
 year = {2010}
}

@article{Shipster2014,
 author = {Shpitser, Ilya and {J. Evans}, Robin and {S. Richardson}, Thomas and {M. Robins}, James},
 journal = {Behaviormetrika},
 number = {1},
 pages = {3--39},
 title = {{I}ntroduction {T}o {N}ested {M}arkov {M}odels},
 volume = {41},
 year = {2014}
}

@article{Shmueli2010,
 archiveprefix = {arXiv},
 arxivid = {arXiv:1101.0891v1},
 author = {Shmueli, Galit},
 eprint = {arXiv:1101.0891v1},
 journal = {Statistical science},
 number = {3},
 pages = {289--310},
 title = {{T}o {E}xplain or to {P}redict ?},
 volume = {25},
 year = {2010}
}

@inproceedings{Shpitser2006a,
 author = {Shpitser, Ilya and Pearl, Judea},
 booktitle = {Proceedings of the Twenty-Second Conference on Uncertainty in Artificial Intelligence},
 editor = {Richardson, Thomas S. and Dechter, R},
 publisher = {AUAI Press},
 title = {{I}dentification of conditional interventional distributions},
 year = {2006}
}

@inproceedings{Shpitser2006b,
 archiveprefix = {arXiv},
 arxivid = {1206.6876},
 author = {Shpitser, Ilya and Pearl, Judea},
 booktitle = {Proceedings of the Twenty-First AAAI Conference on Artificial Intelligence},
 eprint = {1206.6876},
 number = {July},
 pages = {1219--1226},
 title = {{I}dentification of {J}oint {I}nterventional {D}istributions in {R}ecursive semi-{M}arkovian {C}ausal {M}odels},
 year = {2006}
}

@article{simpson1951interpretation,
 author = {Simpson, Edward H},
 journal = {Journal of the Royal Statistical Society. Series B (Methodological)},
 pages = {238--241},
 publisher = {JSTOR},
 title = {{T}he interpretation of interaction in contingency tables},
 year = {1951}
}

@article{Smith2001,
 author = {Smith, Jeffrey A. and Todd, Petra E.},
 journal = {American Economic Review},
 number = {2},
 pages = {112--118},
 title = {{R}econciling conflicting evidence on the performance of propensity-score matching methods},
 volume = {91},
 year = {2001}
}

@article{smith2003parachute,
 author = {Smith, Gordon C S and Pell, Jill P},
 journal = {BMJ: British Medical Journal},
 number = {7429},
 pages = {1459},
 publisher = {BMJ Publishing Group Ltd},
 title = {{P}arachute use to prevent death and major trauma related to gravitational challenge: systematic review of randomised controlled trials},
 volume = {327},
 year = {2003}
}

@article{Sokolova2015,
 author = {Sokolova, Elena and Hoogman, Martine and Groot, Perry and Claassen, Tom and Vasquez, Alejandro Arias and Buitelaar, Jan K. and Franke, Barbara and Heskes, Tom},
 journal = {American Journal of Medical Genetics Part B: Neuropsychiatric Genetics},
 number = {6},
 pages = {508--515},
 title = {{C}ausal discovery in an adult {A}DH{D} data set suggests indirect link between {\textbackslash textless}i{\textbackslash textgreater}{D}AT1{\textbackslash textless}/i{\textbackslash textgreater} genetic variants and striatal brain activation during reward processing},
 volume = {168},
 year = {2015}
}

@article{Spirtes1995,
 author = {Spirtes, Peter},
 journal = {Proceedings of the Eleventh conference on Uncertainty {\textbackslash ldots}},
 title = {{D}irected cyclic graphical representations of feedback models},
 year = {1995}
}

@book{Sprites2000,
 author = {Spirtes, Peter and Glymour, Clark N and Scheines, Richard},
 publisher = {MIT press},
 title = {{C}ausation, prediction, and search},
 volume = {81},
 year = {2000}
}

@article{srinivas2009gaussian,
 author = {Srinivas, Niranjan and Krause, Andreas and Kakade, Sham M and Seeger, Matthias},
 journal = {arXiv preprint arXiv:0912.3995},
 title = {{G}aussian process optimization in the bandit setting: {N}o regret and experimental design},
 year = {2009}
}

@article{Statnikov2012,
 author = {Statnikov, Alexander and Henaff, Mikael and Lytkin, Nikita I and Aliferis, Constantin F},
 journal = {BMC genomics},
 number = {Suppl 8},
 pages = {S22},
 publisher = {BioMed Central Ltd},
 title = {{N}ew methods for separating causes from effects in genomics data.},
 volume = {13 Suppl 8},
 year = {2012}
}

@inproceedings{strehl2010learning,
 archiveprefix = {arXiv},
 arxivid = {arXiv:1003.0120v2},
 author = {Strehl, Alexander L and Langford, John and Li, Lihong and Kakade, Sham M},
 booktitle = {Advances in Neural Information Processing Systems},
 eprint = {arXiv:1003.0120v2},
 pages = {2217--2225},
 title = {{L}earning from logged implicit exploration data},
 year = {2010}
}

@article{Sugiyama2007,
 author = {Sugiyama, Masashi and Krauledat, Matthias and Muller, Klaus-Robert},
 journal = {Journal of Machine Learning Research},
 pages = {985--1005},
 title = {{C}ovariate {S}hift {A}daptation by {I}mportance {W}eighted {C}ross {V}alidation},
 volume = {8},
 year = {2007}
}

@book{sutton1998reinforcement,
 author = {Sutton, Richard S and Barto, Andrew G},
 number = {1},
 publisher = {MIT press Cambridge},
 title = {{R}einforcement learning: {A}n introduction},
 volume = {1},
 year = {1998}
}

@inproceedings{Swaminathan2015,
 archiveprefix = {arXiv},
 arxivid = {arXiv:1502.02362v1},
 author = {Swaminathan, Adith and Joachims, Thorsten},
 booktitle = {ICML},
 eprint = {arXiv:1502.02362v1},
 pages = {814--823},
 title = {{C}ounterfactual {R}isk {M}inimization: {L}earning from {L}ogged {B}andit {F}eedback},
 volume = {1},
 year = {2015}
}

@article{Taruttis2015,
 author = {Taruttis, Franziska and Spang, Rainer and Engelmann, Julia C.},
 journal = {Bioinformatics},
 number = {August},
 pages = {btv461},
 title = {{A} statistical approach to virtual cellular experiments: improved causal discovery using accumulation {I}DA (a{I}DA)},
 year = {2015}
}

@article{Thompson1993,
 author = {Thompson, William R},
 journal = {Biometrika},
 number = {3},
 pages = {285--294},
 title = {{O}n the likelihood that one unknown probability exceeds another in view of the evidence of two samples},
 volume = {25},
 year = {1933}
}

@inproceedings{tian2009parameter,
 author = {Tian, Jin},
 booktitle = {IJCAI},
 pages = {1970--1975},
 title = {{P}arameter {I}dentification in a {C}lass of {L}inear {S}tructural {E}quation {M}odels.},
 year = {2009}
}

@misc{Tsy08,
 author = {Tsybakov, Alexandre B},
 publisher = {Springer Series in Statistics. Springer, New York},
 title = {{I}ntroduction to nonparametric estimation. {R}evised and extended from the 2004 {F}rench original. {T}ranslated by {V}ladimir {Z}aiats},
 year = {2009}
}

@inproceedings{Uphoff2013,
 author = {Uphoff, Ebert and Deng, Y},
 booktitle = {Third International Workshop on Climate Informatics},
 pages = {2--4},
 title = {{C}ausal {D}iscovery in {C}limate {S}cience {U}sing {G}raphical {M}odels},
 volume = {18},
 year = {2013}
}

@article{VanderWeele2011,
 author = {VanderWeele, Tyler J and Hern{{\'a}}ndez-Diaz, Sonia},
 journal = {Paediatric and perinatal epidemiology},
 month = {mar},
 number = {2},
 pages = {111--5},
 title = {{I}s there a direct effect of pre-eclampsia on cerebral palsy not through preterm birth?},
 volume = {25},
 year = {2011}
}

@techreport{Verma1993,
 author = {Verma, TS},
 booktitle = {Technical R eport R-191, UCLA},
 title = {{G}raphical aspects of causal models},
 year = {1993}
}

@article{wang2005bandit,
 author = {Wang, Chih-chun and Member, Student and Kulkarni, Sanjeev R and Poor, H Vincent},
 journal = {IEEE Transactions on Automatic Control},
 number = {3},
 pages = {338--355},
 publisher = {IEEE},
 title = {{B}andit problems with side observations},
 volume = {50},
 year = {2005}
}

@article{weikart1970longitudinal,
 author = {Weikart, David P and Others},
 publisher = {ERIC},
 title = {{L}ongitudinal {R}esults of the {Y}psilanti {P}erry {P}reschool {P}roject. {F}inal {R}eport. {V}olume {I}I of 2 {V}olumes.},
 year = {1970}
}

@article{Weisberg2013,
 author = {Weisberg, Deena S and Gopnik, Alison},
 journal = {Cognitive science},
 number = {7},
 pages = {1368--81},
 title = {{P}retense, counterfactuals, and {B}ayesian causal models: why what is not real really matters.},
 volume = {37},
 year = {2013}
}

@article{woodroofe1979one,
 author = {Woodroofe, Michael},
 journal = {Journal of the American Statistical Association},
 number = {368},
 pages = {799--806},
 publisher = {Taylor {\&} Francis Group},
 title = {{A} one-armed bandit problem with a concomitant variable},
 volume = {74},
 year = {1979}
}

@techreport{Wooldridge2009,
 address = {MI},
 author = {Wooldridge, J},
 institution = {Michigan State University},
 number = {September 2006},
 pages = {1--15},
 title = {{S}hould instrumental variables be used as matching variables},
 year = {2009}
}

@article{Wright1921,
 author = {Wright, S},
 journal = {Journal of agricultural research},
 title = {{C}orrelation and causation},
 year = {1921}
}

@inproceedings{wu2015online,
 author = {Wu, Yifan and Gy{{\"o}}rgy, Andr{{\'a}}s and Szepesv{{\'a}}ri, Csaba},
 booktitle = {Advances in Neural Information Processing Systems},
 pages = {1360--1368},
 title = {{O}nline {L}earning with {G}aussian {P}ayoffs and {S}ide {O}bservations},
 year = {2015}
}

@inproceedings{Yu2009,
 author = {Yu, Jia Yuan and Mannor, Shie},
 booktitle = {Proceedings of the 26th Annual International Conference on Machine Learning},
 organization = {ACM},
 pages = {1177--1184},
 title = {{P}iecewise-stationary bandit problems with side observations},
 year = {2009}
}

@article{yule1903notes,
 author = {Yule, G Udny},
 journal = {Biometrika},
 number = {2},
 pages = {121--134},
 publisher = {JSTOR},
 title = {{N}otes on the theory of association of attributes in statistics},
 volume = {2},
 year = {1903}
}

@article{Zhang2008,
 author = {Zhang, Jiji},
 journal = {Artificial Intelligence},
 month = {nov},
 number = {16-17},
 pages = {1873--1896},
 title = {{O}n the completeness of orientation rules for causal discovery in the presence of latent confounders and selection bias},
 volume = {172},
 year = {2008}
}

@article{Zhang2008a,
 author = {Zhang, Kun and Hyv{{\"a}}rinen, A},
 journal = {NIPS 2008 Workshop on Causality. URL http://www {\textbackslash ldots}},
 title = {{D}istinguishing causes from effects using nonlinear acyclic causal models},
 year = {2008}
}

@article{Zhang2012,
 author = {Zhang, Kun and Peters, Jonas and Janzing, Dominik and Sch{{\"o}}lkopf, Bernhard},
 journal = {arXiv preprint arXiv: {\textbackslash ldots}},
 title = {{K}ernel-based conditional independence test and application in causal discovery},
 year = {2012}
}

@article{zhao2004using,
 author = {Zhao, Zhong},
 journal = {review of economics and statistics},
 number = {1},
 pages = {91--107},
 publisher = {MIT Press},
 title = {{U}sing matching to estimate treatment effects: {D}ata requirements, matching metrics, and {M}onte {C}arlo evidence},
 volume = {86},
 year = {2004}
}

